@Article{Holzwarth2011,
  author   = {Holzwarth, Uwe and Gibson, Neil},
  journal  = {Nature Nanotechnology},
  title    = {{The} {Scherrer} equation versus the '{Debye}-{Scherrer} equation'},
  year     = {2011},
  issn     = {1748-3395},
  number   = {9},
  pages    = {534--534},
  volume   = {6},
  abstract = {Paul Scherrer and Peter Debye developed powder X-ray diffraction together, but it was Scherrer who figured out how to determine the size of crystallites from the broadening of diffraction peaks.},
  doi      = {10.1038/nnano.2011.145},
  refid    = {Holzwarth2011},
  url      = {https://doi.org/10.1038/nnano.2011.145},
}

@Misc{Chowdhury2022,
  author       = {Angshuman {Roy Chowdhury}},
  howpublished = {\url{https://nptel.ac.in/courses/104106093}},
  note         = {Accessed 19/04/2023},
  title        = {{Chemical} {Crystallography}},
  year         = {2022},
}

@Book{Hammond2015,
  author    = {Hammond, Christopher},
  publisher = {IUCr, Oxford University Press},
  title     = {{The} {Basics} of {Crystallography} and {Diffraction}},
  year      = {2015},
  edition   = {Fourth},
  isbn      = {9780198738688},
}

@Book{Kittel2005,
  author    = {Kittel, Charles},
  publisher = {John Wiley & Sons, Inc},
  title     = {{Introduction} to {Solid} {State} {Physics}},
  year      = {2005},
  edition   = {Eighth},
  isbn      = {047141526X},
}

@Misc{Harbola2021,
  author       = {Manoj K. Harbola and Satyajit Banerjee},
  howpublished = {NPTEL,\url{https://nptel.ac.in/courses/115104109}},
  note         = {Accessed 19 April 2023.},
  title        = {Introduction to {Solid} {State} {Physics}},
  year         = {2021},
}

@Book{Cullity2014,
  author    = {B. D. Cullity and S. R. Stock},
  publisher = {Pearson Education Limited},
  title     = {{Elements} of {X-Ray} {Diffraction}},
  year      = {2014},
  edition   = {Third},
  isbn      = {9781269374507; 1269374508},
}

@Comment{jabref-meta: databaseType:bibtex;}
